% livro
@book{vianna2013, 
    author = {Vianna, Ysmar  and others},
    title = {Gamification, Inc: Como Reinventar Empresas A Partir De Jogos},
    year = {2013},
    publisher = {MJV Press},
    edition = {1st},
    address = {Rio de Janeiro, RJ, Brasil} % opcional
}

% livro
@book{zichermann2011,
    author = {Zichermann, Gabe and Cunningham, Christopher},
    title = {Gamification by Design: Implementing Game Mechanics in     Web       and Mobile Apps},
    year = {2011},
    publisher = {O'Reilly Media, Inc.},
    edition = {1st}
} 

% livro
@book{lopes2013,
    author = {Sérgio Lopes},
    title = {A Web Mobile - Programe para um Mundo de Muitos Dispositivos},
    year = {2013},
    publisher = {Casa do Código},
    address = {São Paulo, SP, Brasil},
    edition = {1st}
} 

% livro
@book{niederauer2004,
  author = {Niederauer, Juliano},
  title = {Desenvolvendo Websites com PHP},
  year={2004},
  publisher = {Novatec},
  address = {São Paulo, SP, Brasil}
}

% livro
@book{welling2003,
  title={PHP and MySQL Web development},
  author={Welling, Luke and Thomson, Laura},
  year={2003},
  publisher={Sams Publishing},
  edition = {3rd}
}

% livro
@book{imar2014,
  title={Beginning ASP.NE T 4.5.1: in C\# and VB},
  author={Imar Spaanjaars},
  year={2014},
  publisher={John Wiley \& Sons, Inc.},
  edition = {1st}
}

% livro
@book{basham2008,
  title={Head First Servlets and JSP},
  author={Bryan Basham and Kathy Sierra and Bert Bates},
  year={2008},
  publisher={O’Reilly Media},
  edition = {2nd}
}

% artigo em revista
@article{liz2013,
    author={Carla Maria De Liz and Alexandro Andrade}, 
    journal={Revista Brasileira de Ciências do Esporte}, 
    title={Motivação de Aderentes e Desistentes da Musculação em Academias},
    year={2013}, 
    address = {Brasília, DF, Brasil},
    note ={Disponível em: <\url{http://cbce.tempsite.ws/congressos/index.php/conbrace2013/5conice/paper/view/5123}>. Acesso em: 11 maio 2015.}
}

% artigo em revista
@article{butcher2002,
    author={Janice Butcher and Koenraad J Lindner and David P Johns}, 
    journal={Journal Of Sport Behavior}, 
    title={Withdrawal From Competitive Youth Sport: A Retrospective Ten-Year        Study}, 
    volume={25},
    year={2002}, 
    pages={2},
    note ={Disponível em:            <\url{http://static1.1.sqspcdn.com/static/f/1109123/24906774/1400507345587/Withdrawal    +from+Competitive+Youth+Sport.pdf?token=\%2F\%2FDOzJ5gNYaA27X4uRNrKKWVnxU\%3D}>. Acesso em: 11 maio 2015.}
}

% artigo em revista
@article{rojasrueda2011,
	author = {Rojas-Rueda, David and others},
	title = {The health risks and benefits of cycling in urban environments     compared with car use: health impact assessment study},
	volume = {343},
	year = {2011},
	publisher = {BMJ Publishing Group Ltd},
	journal = {BMJ},
	note ={Disponível em: <\url{http://www.bmj.com/Content/343/Bmj.D4521}>.       Acesso em: 11 maio 2015.}
}

% artigo em revista
@article{magerkurth2005,
  title={Pervasive games: bringing computer entertainment back to the real world},
  author={Magerkurth, Carsten and others},
  journal={Computers in Entertainment (CIE)},
  volume={3},
  number={3},
  pages={4},
  year={2005},
  publisher={ACM},
  note={Disponível em: <\url{http://dl.acm.org/citation.cfm?id=1077257}>.       Acesso em: 02 jun. 2015.}
}

% artigo em revista
@article{lehr2003,
  title={Wireless internet access: 3G vs. WiFi?},
  author={Lehr, William and McKnight, Lee W},
  journal={Telecommunications Policy},
  volume={27},
  number={5},
  pages={351--370},
  year={2003},
  publisher={Elsevier},
  note={Disponível em:                     <\url{http://www.sciencedirect.com/science/article/pii/S0308596103000041}>.     Acesso em: 02 jun. 2015.}  
}

% artigo em revista
@incollection{cheok2003,
  title={Human pacman: A mobile entertainment system with ubiquitous computing and tangible interaction over a wide outdoor area},
  author={Cheok, Adrian David and others},
  booktitle={Human-Computer Interaction with Mobile Devices and Services},
  pages={209--223},
  year={2003},
  publisher={Springer},
  note={Disponível em:                     <\url{http://link.springer.com/chapter/10.1007\%2F978-3-540-45233-1_16}>. Acesso em: 04 jun. 2015.} 
} 

% artigo em revista
@article{aires2014,
  title={Um Estudo da API de Geolocaliza{\c{c}}{\~a}o do HTML5: Como Desenvolver Aplicativos de Geolocaliza{\c{c}}{\~a}o para Internet},
  author={AIRES, Fabio Junior Rita and HAHN, Eliza Claudia},
  journal={A Revista Eletrônica da Faculdade de Ciências Exatas e da Terra - Produção/construção e tecnologia},
  volume={3},
  number={4},
  pages={48--70},
  year={2014},
  note={Disponível em:                     <\url{http://www.unigran.br/ciencias_exatas/conteudo/ed4/artigos/06.pdf}>. Acesso em: 05 jun. 2015.} 
}

% artigo em revista
@article{cesani2013,
  title={Diretrizes para desenvolvimento de Aplicativo GPS em dispositivos m{\'o}veis para ciclistas de Curitiba},
  author={Cesani, Eric and Dranka, Lucas},
  journal={InfoDesign-Revista Brasileira de Design da Informa{\c{c}}{\~a}o},
  volume={9},
  number={2},
  pages={123--138},
  year={2013},
  note={Disponível em: <\url{http://www.researchgate.net/publication/235430433_Guidelines_for_GPS_application_development_on_mobile_devices_for_cyclists_of_Curitiba}>. Acesso em: 29 jun. 2015.} 
}

% paper em conferência
@inproceedings{sukaphat2013,
  title={An Applying Of Accelerometer In Android Platform For Controlling Weight},
  author={Sasivimon Sukaphat},
  booktitle={ISS \& MLB},
  pages={294--304},
  year={2013},
  note={Disponível em:                     <\url{http://ibac-conference.org/ISS\%20\&\%20MLB\%202013/Papers/ISS\%202013/A3344..docx.pdf}>. Acesso em: 11 jun. 2015.} 
}

% paper em conferência
@inproceedings{bonome2012,
    title={Disseminação do Uso de Aplicativos Móveis na Atenção à Saúde},
    author={Bonome, Karoline da Silva and others},
    booktitle={XIII Congresso Brasileiro em Informática em Saúde, CBIS},
    year={2012},
    publisher={[S.l.]: Elsevier},
    note={Disponível em: <\url{http://www.sbis.org.br/cbis2012/arquivos/807.pdf}>. Acesso em: 04 jun. 2015.}
}

% paper em conferência
@inproceedings{ducheneaut2009,
    author = {Ducheneaut, Nicolas and Wen, Ming-Hui and Yee, Nicholas and Wadley, Greg},
    title = {Body and Mind: A Study of Avatar Personalization in Three Virtual Worlds},
    booktitle = {Proceedings of the SIGCHI Conference on Human Factors in Computing Systems},
    series = {CHI '09},
    year = {2009},
    pages = {1151--1160},
    numpages = {10},
    publisher = {Boston, MA, USA: ACM},
    address = {New York, NY, USA},
    keywords = {avatars, customization, personality, virtual worlds},
    note={Disponível em: <\url{http://doi.acm.org/10.1145/1518701.1518877}>. Acesso em: 04 jun. 2015.} 
} 

% paper em conferência
@inproceedings{chinrungrueng2012,
 author = {Chinrungrueng, Jatuporn and Sartsatit, Seksun},
 title = {Tracking Daily Activity Using Smart Phones},
 booktitle = {Proceedings of the 6th International Conference on Rehabilitation Engineering \& Assistive Technology},
 series = {i-CREATe '12},
 year = {2012},
 isbn = {978-981-07-2663-8},
 pages = {2:1--2:4},
 articleno = {2},
 numpages = {4},
 url = {http://dl.acm.org/citation.cfm?id=2501134.2501137},
 publisher = {Tampines, Singapore: Singapore Therapeutic, Assistive \& Rehabilitative Technologies (START) Centre},
 address = {Kaki Bukit TechPark II,, Singapore}
} 

%site
@misc{html5,
    author = {Mozilla Developer Network},
    title={Introdução ao HTML},
    note ={Disponível em: <\url{https://developer.mozilla.org/pt-BR/docs/HTML/Introduction}>. Acesso em: 1 jun. 2015.},
    year = {2014}
}

%site
@misc{css3,
    author = {Mozilla Developer Network},
    title={CSS},
    note ={Disponível em: <\url{https://developer.mozilla.org/pt-BR/docs/Web/CSS}>. Acesso em: 1 jun. 2015.},
    year = {2015}
}

%site
@misc{javascript,
    author = {Mozilla Developer Network},
    title={JavaScript},
    note ={Disponível em: <\url{https://developer.mozilla.org/pt-BR/docs/Web/JavaScript}>. Acesso em: 1 jun. 2015.},
    year = {2015}
}

%site
@misc{gpsgov,
    author = {GPS.gov},
    title={What is GPS?},
    note ={Disponível em: <\url{http://www.gps.gov/systems/gps/}>. Acesso em: 5 jun. 2015.},
    year = {2014}
}

%site
@misc{w3techs2015,
    author = {W3techs},
    title={Server-side Programming Languages},
    note ={Disponível em: <\url{http://w3techs.com/}>. Acesso em:     28 jun. 2015.},
    year = {2015}
}

%site
@misc{dbEngines2015,
    author = {DB-Engines},
    title={DB-Engines Ranking},
    note ={Disponível em: <\url{http://db-engines.com/en/ranking}>. Acesso em: 04 jul. 2015.},
    year = {2015}
}

%dissertação
@mastersthesis{gaidos2012,
	address = {Brasília},
	author = {Rosero, Oscar Fernando Gaidos},
	school = {ENE, UnB FT},
	title = {Sistema m{\'o}vel de monitoramento e treinamento para ciclista com smartphone Android},
	type = {Dissertação (Mestrado em Engenharia de Sistemas Eletrônicos e de Automação)},
	year = {2012},
	note ={Disponível em: <\url{http://hdl.handle.net/10482/11371}>. Acesso em: 29 jun. 2015.}
}

% ........................................ %
% ................EXEMPLOS................ %
% ........................................ %

% O latex aceita tanto: Fulano Silva quanto Silva, Fulano como formatos para nomes de autores.
% Até 3 autores, todos são citados (separados por "and")
% Acima disto, usa-se "Fulano Silva and others" para gerar o et al. (exceto para trabalhos do próprio programa/instituto)

% paper em conferência
% colocar {[S.l.]: editora} se não souber o local da editora
% note = {(aceito para publicação)} % se ainda não foi publicado
%@inproceedings{paper,
%	author = {Fulano Silva and Ciclano Santos},
%    booktitle={Proceedings of the 28th Nome Da ConferÊncia, NDC},
%	title = {Título do Paper},
%	address = {Tampa, FL, USA},
%	publisher = {Porto Alegre: SBC},
%    year={2014}, 
%	pages = {327--330},
%}

% teses (mestrado - @mastersthesis)
%@phdthesis{tese,
%	address = {Porto Alegre},
%	author = {Ciclano Santos},
%	school = {PPGC, UFRGS},
%	title = {Título do Trabalho Acadêmico},
%	type = {Tese (Doutorado em Ciência da Computação)},
%	year = {2007}
%}
	
% qualquer documento que esteja disponível online, colocar o campo note com a URL
% site
%@misc{site,
%    title={Nome},
%    note ={Descrição. Disponível em: <http://www.site/abc.html>. Acesso em: 19 jan. 2012},
%    year = {2012}
%}

% não publicado e/ou sites que possuem AUTOR
%@unpublished{apresentacao,
%    author={Fulano Silva},
%	note = {Notas de Aula. Disponível em: <http://www.site/abc.pdf>. Acesso em: 21 mai. 2014},
%	title = {Título do Trabalho},
%	year = {2014}
%}

% parte de livro/monografia (colocar páginas)
%@incollection{capitulo,
%    booktitle={Título do Livro},
%    editor={Santos, Ciclano},
%    author={Silva, Fulano and others}, 
%    title={Título do Capítulo},
%    year={2011},
%    publisher={Ed. IFRS},
%    pages={205-242},
%}